<?xml version="1.0" encoding="UTF-8"?>
<SOAP-ENV:Envelope xmlns:SOAP-ENV="http://schemas.xmlsoap.org/soap/envelope/" xmlns:of="http://oss.dbc.dk/ns/openformat" xmlns:ofo="http://oss.dbc.dk/ns/openformatoutput"><SOAP-ENV:Body><of:formatResponse><marc:record xmlns:marc="http://www.loc.gov/MARC21/slim"><leader>00000nam a22000000c 4500</leader><controlfield tag="001">870970:27208010</controlfield><controlfield tag="003">DKDLA</controlfield><controlfield tag="005">20080603131435.0</controlfield><controlfield tag="007">ta</controlfield><controlfield tag="008">080407s2008    dk |||||| ||| 00||udan||</controlfield><datafield ind1="1" ind2=" " tag="100"><subfield code="a">Wagner, Hans,</subfield><subfield code="d">f. 1972-12-03</subfield></datafield><datafield ind1=" " ind2="0" tag="245"><subfield code="a">Frederik IV :</subfield><subfield code="b">konge i enevældens Danmark</subfield></datafield><datafield ind1=" " ind2=" " tag="260"><subfield code="b">Flachs,</subfield><subfield code="c">2008</subfield></datafield><datafield ind1=" " ind2=" " tag="300"><subfield code="a">48 sider</subfield></datafield><datafield ind1=" " ind2=" " tag="490"><subfield code="a">Tilbageblik</subfield></datafield></marc:record></of:formatResponse></SOAP-ENV:Body></SOAP-ENV:Envelope>
